<?xml version="1.0" encoding="UTF-8"?><collection xmlns="http://www.loc.gov/MARC21/slim"><record><leader>00531nam--2200181-i-4500</leader><controlfield tag="001">000030410</controlfield><controlfield tag="002">20161230</controlfield><controlfield tag="005">20161230201038</controlfield><controlfield tag="008">060222s1000------------r-----000-0-fre-d</controlfield><datafield ind1=" " ind2=" " tag="040"><subfield code="a">IFIN-HH</subfield></datafield><datafield ind1=" " ind2=" " tag="041"><subfield code="a">fre</subfield></datafield><datafield ind1=" " ind2=" " tag="080"><subfield code="a">534(043)</subfield></datafield><datafield ind1="1" ind2=" " tag="100"><subfield code="a">Mangiante, Gerard</subfield></datafield><datafield ind1="1" ind2="0" tag="245"><subfield code="a">Application du principe de huygens aux absorbeurs acustiques actifs</subfield><subfield code="b">These</subfield><subfield code="c">Gerard mangiante</subfield></datafield><datafield ind1=" " ind2=" " tag="260"><subfield code="a">Provence</subfield><subfield code="b">La Faculte Des Sciences De L`Universite De Provence</subfield><subfield code="c">1974</subfield></datafield><datafield ind1=" " ind2=" " tag="300"><subfield code="a">251P</subfield></datafield><datafield ind1=" " ind2=" " tag="852"><subfield code="a">44136</subfield><subfield code="c">534</subfield></datafield><datafield ind1=" " ind2=" " tag="CAT"><subfield code="a">Sys</subfield><subfield code="c">20110119</subfield><subfield code="h">125222</subfield></datafield></record></collection>